<?xml version="1.0" encoding="UTF-8" ?>
<collection xmlns:xsi="http://www.w3.org/2001/XMLSchema-instance"
    xsi:schemaLocation="http://www.loc.gov/MARC21/slim
        http://www.loc.gov/standards/marcxml/schema/MARC21slim.xsd"
    xmlns="http://www.loc.gov/MARC21/slim">
<record>
  <leader>00227cam a2200421 i 4500</leader>
  <controlfield tag="001">b12368763</controlfield>
  <controlfield tag="003">LeBAU</controlfield>
  <controlfield tag="005">20180223</controlfield>
  <controlfield tag="008">970226s1954    iq            ||0 0 ara d</controlfield>
  <datafield tag="035" ind1=" " ind2=" ">
    <subfield code="a">ocn784278014</subfield>
  </datafield>
  <datafield tag="040" ind1=" " ind2=" ">
    <subfield code="a">LEAUB</subfield>
    <subfield code="b">ara</subfield>
    <subfield code="e">rda</subfield>
    <subfield code="c">LEAUB</subfield>
    <subfield code="d">LEAUB</subfield>
  </datafield>
  <datafield tag="082" ind1="0" ind2="4">
    <subfield code="a">297.3</subfield>
    <subfield code="2">22</subfield>
  </datafield>
  <datafield tag="100" ind1="1" ind2=" ">
    <subfield code="6">880-01</subfield>
    <subfield code="a">Ṭabāṭabāʼī al-Yazdī, Muḥammad Kāẓim,</subfield>
    <subfield code="d">-1919,</subfield>
    <subfield code="e">author.</subfield>
  </datafield>
  <datafield tag="245" ind1="1" ind2="0">
    <subfield code="6">880-02</subfield>
    <subfield code="a">al-ʻUrwah al-wuthqá fīmā taʻummu bi-hi al-balwá /</subfield>
    <subfield code="c">li-ḥujjat al-Islām wa-al-Muslimīn āyat Allāh fī al-ʻālamīn al-Sayyid Muḥammad Kāẓim al-Ṭabāṭabāʼī al-Yazdī. Wa-bi-hāmishihā Taʻlīqat faqīh al-ʻaṣr al-ʻallāmah Āyat Allāh al-ʻuẓmá al-Sayyid Muḥammad al-Ḥasanī al-Baghdādī.</subfield>
  </datafield>
  <datafield tag="264" ind1=" " ind2="1">
    <subfield code="6">880-03</subfield>
    <subfield code="a">al-Najaf :</subfield>
    <subfield code="b">Maṭbaʻat al-Ghurrī al-Ḥadīthah,</subfield>
    <subfield code="c">1374 H., [1954? M.]</subfield>
  </datafield>
  <datafield tag="300" ind1=" " ind2=" ">
    <subfield code="6">880-04</subfield>
    <subfield code="a">600 pages ;</subfield>
    <subfield code="c">30 cm</subfield>
  </datafield>
  <datafield tag="336" ind1=" " ind2=" ">
    <subfield code="a">text</subfield>
    <subfield code="b">txt</subfield>
    <subfield code="2">rdacontent</subfield>
  </datafield>
  <datafield tag="337" ind1=" " ind2=" ">
    <subfield code="a">unmediated</subfield>
    <subfield code="b">n</subfield>
    <subfield code="2">rdamedia</subfield>
  </datafield>
  <datafield tag="338" ind1=" " ind2=" ">
    <subfield code="a">volume</subfield>
    <subfield code="b">nc</subfield>
    <subfield code="2">rdacarrier</subfield>
  </datafield>
  <datafield tag="650" ind1=" " ind2="4">
    <subfield code="a">العبادة (الاسلام)</subfield>
  </datafield>
  <datafield tag="650" ind1=" " ind2="4">
    <subfield code="a">الفقه الإسلامي</subfield>
    <subfield code="x">تفسير وبنية.</subfield>
  </datafield>
  <datafield tag="650" ind1=" " ind2="4">
    <subfield code="a">الحياة الدينية</subfield>
    <subfield code="x">الشيعة.</subfield>
  </datafield>
  <datafield tag="650" ind1=" " ind2="4">
    <subfield code="a">الشيعة</subfield>
    <subfield code="x">العادات والممارسات.</subfield>
  </datafield>
  <datafield tag="650" ind1=" " ind2="0">
    <subfield code="a">Worship (Islam)</subfield>
  </datafield>
  <datafield tag="650" ind1=" " ind2="0">
    <subfield code="a">Islamic law</subfield>
    <subfield code="x">Interpretation and construction.</subfield>
  </datafield>
  <datafield tag="650" ind1=" " ind2="0">
    <subfield code="a">Religious life</subfield>
    <subfield code="x">Shi'ah.</subfield>
  </datafield>
  <datafield tag="650" ind1=" " ind2="0">
    <subfield code="a">Shi'ah</subfield>
    <subfield code="x">Customs and practices.</subfield>
  </datafield>
  <datafield tag="700" ind1="1" ind2="2">
    <subfield code="6">880-05</subfield>
    <subfield code="a">Baghdādī, Muḥammad al-Ḥasanī.</subfield>
    <subfield code="t">Taʻlīqah.</subfield>
  </datafield>
  <datafield tag="852" ind1=" " ind2=" ">
    <subfield code="a">Jafet Library</subfield>
    <subfield code="e">American University of Beirut, Bliss Street , Beirut, Lebanon.</subfield>
  </datafield>
  <datafield tag="880" ind1="1" ind2=" ">
    <subfield code="6">100-01/(3/r</subfield>
    <subfield code="a">الطباطبائي اليزدي، محمد كاظم،</subfield>
    <subfield code="d">-1919،</subfield>
    <subfield code="e">مؤلف. </subfield>
    <subfield code="4">aut.</subfield>
  </datafield>
  <datafield tag="880" ind1="1" ind2="3">
    <subfield code="6">245-02/(3/r</subfield>
    <subfield code="a">العروة الوثقى فيما تعم به البلوى /</subfield>
    <subfield code="c">لحجة الإسلام والمسلمين آية الله في العالمين السيد محمد كاظم الطباطبائي اليزدي. وبهامشها تعليقة فقيه العصر العلامة آية الله العظمى السيد محمد الحسني البغدادي.</subfield>
  </datafield>
  <datafield tag="880" ind1=" " ind2=" ">
    <subfield code="6">300-04/(3/r</subfield>
    <subfield code="a">600 صفحة ؛</subfield>
    <subfield code="c">30 سم</subfield>
  </datafield>
  <datafield tag="880" ind1=" " ind2="1">
    <subfield code="6">264-03/(3/r</subfield>
    <subfield code="a">النجف :</subfield>
    <subfield code="b">مطبعة الغرى الحديثة،</subfield>
    <subfield code="c">1374 هـ.، [1954؟ م.]</subfield>
  </datafield>
  <datafield tag="880" ind1="1" ind2="2">
    <subfield code="6">700-05/(3/r</subfield>
    <subfield code="a">البغدادي، محمد الحسني.</subfield>
    <subfield code="t">تعليقة.</subfield>
  </datafield>
  <datafield tag="907" ind1=" " ind2=" ">
    <subfield code="a">.b12368763</subfield>
    <subfield code="b">18-03-09</subfield>
    <subfield code="c">11-05-24</subfield>
  </datafield>
  <datafield tag="907" ind1=" " ind2=" ">
    <subfield code="a">.b12368763</subfield>
    <subfield code="b">11-10-11</subfield>
    <subfield code="c">11-05-24</subfield>
  </datafield>
  <datafield tag="945" ind1=" " ind2=" ">
    <subfield code="f">J</subfield>
    <subfield code="a">297.3:Y35uA:c.1</subfield>
    <subfield code="i">01008800</subfield>
    <subfield code="j">.i12818690</subfield>
    <subfield code="l">u0503</subfield>
  </datafield>
  <datafield tag="998" ind1=" " ind2=" ">
    <subfield code="a">u05</subfield>
    <subfield code="b">97-02-26</subfield>
    <subfield code="c">m</subfield>
    <subfield code="d">a</subfield>
    <subfield code="e">-</subfield>
    <subfield code="f">ara</subfield>
    <subfield code="g">iq </subfield>
    <subfield code="h">0</subfield>
    <subfield code="i">1</subfield>
  </datafield>
</record>
</collection>
